@string{AC =		"Acta Crystallogr."}
@string{APC =		"Adv. Prot. Chem."}
@string{ARB =		"Ann. Rev. Biochem."}
@string{ARBB =		"Ann. Rev. Biophys. Bioeng."}
@string{ARI =		"Ann. Rev. Immunol."}
@string{BMB =           "Bull. Math. Biol."}
@string{BBA  =          "Biochim. Biophys. Acta"}
@string{BBRC =          "Biophys. Biochem. Res. Comm."}
@string{CABIOS =        "Comp. App. Bio. Sci."}
@string{CACM =	        "Comm. ACM"}
@string{CB   =	        "Curr. Biol."}
@string{EMBO =	        "EMBO J."}
@string{EJBIOCHEM =	"Eur. J. Biochem."}
@string{FEBSLETT =	"FEBS Lett."}
@string{FEBS =  	"FEBS Lett."}
@string{JBSD =		"J. Biomol. Struct. Dynam."}
@string{JBC =		"J. Biol. Chem."}
@string{JMB =		"J. Molec. Biol."}
@string{JME =		"J. Molec. Evol."}
@string{JMG =		"J. Molec. Graph."}
@string{JPC =		"J. Prot. Chem."}
@string{JTB =		"J. Theor. Biol."}
@string{METENZ =	"Methods Enzymol."}
@string{NAR =   	"Nucleic Acids Res."}
@string{PBMB =		"Prog. Biophys. Molec. Biol."}
@string{PNAS =		"Proc. Natl. Acad. Sci. USA"}
@string{PSD =           "Prot. Seq. Data Anal."}
@string{PROTEINS =	"Prot. Struct. Funct. Genet."}
@string{PROTENG =	"Prot. Engng."}
@string{PROTSCI =	"Prot. Sci."}
@string{PROTSEQ =	"Prot. Seq. Data. Anal."}
@string{QREVBIOPHYS =   "Quart. Rev. Biophys."}
@string{TIBS =          "TIBS"}  # Trends Biological Science?
@string{TBIO =		"TBIO"}	 # Trends Biotechnology
@string{NATURESB =      "Nature, Structural Biology"}

