@string{AC =		"Acta Crystallogr."}
@string{APC =		"Adv. Prot. Chem."}
@string{ARB =		"Ann. Rev. Biochem."}
@string{ARBB =		"Ann. Rev. Biophys. Bioeng."}
@string{ARI =		"Ann. Rev. Immunol."}
@string{BMB =           "Bull. Math. Biol."}
@string{BBA  =          "Biochim. Biophys. Acta"}
@string{BBRC =          "Biophys. Biochem. Res. Comm."}
@string{CABIOS =        "Comp. App. Bio. Sci."}
@string{CACM =	        "Comm. ACM"}
@string{CB   =	        "Curr. Biol."}
@string{COSB   =	"Curr. Opin. Struc. Biol."}
@string{EMBO =	        "EMBO J."}
@string{EJBIOCHEM =	"Eur. J. Biochem."}
@string{FEBSLETT =	"FEBS Lett."}
@string{FEBS =  	"FEBS Lett."}
@string{JBSD =		"J. Biomol. Struct. Dynam."}
@string{JBC =		"J. Biol. Chem."}
@string{JMB =		"J. Molec. Biol."}
@string{JME =		"J. Molec. Evol."}
@string{JMG =		"J. Molec. Graph."}
@string{JPC =		"J. Prot. Chem."}
@string{JTB =		"J. Theor. Biol."}
@string{METENZ =	"Methods Enzymol."}
@string{NAR =   	"Nucleic Acids Res."}
@string{PBMB =		"Prog. Biophys. Molec. Biol."}
@string{PNAS =		"Proc. Natl. Acad. Sci. USA"}
@string{PSD =           "Prot. Seq. Data Anal."}
@string{PROTEINS =	"Prot. Struct. Funct. Genet."}
@string{PSFB =		"Prot. Struct. Funct. Bioinf."}
@string{PROTENG =	"Prot. Engng."}
@string{PROTSCI =	"Prot. Sci."}
@string{PROTSEQ =	"Prot. Seq. Data. Anal."}
@string{QREVBIOPHYS =   "Quart. Rev. Biophys."}
@string{TIBS =          "TIBS"}  # Trends Biological Science?
@string{TBIO =		"TBIO"}	 # Trends Biotechnology
@string{NATURESB =      "Nature, Structural Biology"}
@article{SadowskiMIet11b,
title = "Evolutionary Inaccuracy of Pairwise Structural Alignments.",
author = "Sadowski, M. I. and Taylor, W. R.",
journal = "Bioinformatics", year = "2012", note = "Epub ahead of print"
}


@article{FarrowREet11,
title = "The mechanism of erythrocyte invasion by the malarial parasite, {\em {P}lasmodium falciparum}.",
author = "Farrow, R. E. and Green, J. and Katsimitsoulia, Z. and Taylor, W. R. and Holder, A. A. and Molloy, J. E.",
journal = "Semin. Cell Dev. Biol.", year = "2011", volume = "22", pages = "953--960"
}


@article{TaylorWRet12a,
author = "Taylor, W. R. and Jones, D. T. and Sadowski, M. I.",
year = "2012",
title = "Protein topology from predicted residue contacts.",
journal = "Prot. Sci.", pages = "299--305"
}


@article{DekkerCet11,
author = "Dekker, C. and Willison, K. R. and Taylor, W. R.",
year = "2011",
title = "On the evolutionary origin of the chaperonins.",
journal = "Proteins", volume = "79", pages = "1172--1192"
}


@article{HollupSMet11a,
author = "Hollup, S. M. and Fuglebakk, E. and Taylor, W. R. and Reuter, N.",
year = "2011",
title = "Exploring the factors determining the dynamics of different protein folds.",
journal = "Prot. Sci.", volume = "20", pages = "197--209"
}


@article{HollupSMet11b,
author = "Hollup, S. M. and Sadowski, M. I. and Jonassen, I. and Taylor, W. R.",
year = "2011",
title = "Exploring the limits of fold discrimination by structural alignment: 
	A large scale benchmark using decoys of known fold.",
journal = "Compu. Biol. Chem.", volume = "35", pages = "174--188"
}


@article{TaylorWRet11a,
author = "Taylor, W. R. and Katsimitsoulia, Z. and Poliakov, A.",
title = "Simulation of cell movement and interaction",
journal = "J. Bioinfo. Compu. Biol.",
volume = "9", pages = "91-110", year = "2011"
}


@article{TaylorWRet11b,
author = "Taylor, W. R. and Sadowski, M. I.",
title = "Structural constraints on the covariance matrix derived from 
	multiple aligned protein sequences",
journal = "{PLoS-ONE}",
volume = "6", pages = "e28265", year = "2011"
}


@article{SadowskiMIet11a,
author = "Sadowski, M. I. and Maksimiak, K. and Taylor, W. R.",
title = "Direct correlation analysis improves fold recognition",
journal = "Compu. Biol. Chem.",
volume = "35", pages = "323--332", year = "2011"
}


@article{HollupSMet11,
author = "Hollup, S. M. and Sadowski, M. I. and Jonassen, I. and Taylor, W. R.",
title = "Exploring the limits of fold discrimination by structural alignment:
	A large scale benchmark using decoys of known fold",
journal = "Compu. Biol. Chem.",
volume = "35", pages = "174--188", year = "2011"
}


@article{SadowskiMIet10a,
author = "Sadowski, M. I. and Taylor, W. R.",
year = "2010",
title = "Protein structures, folds and fold spaces.",
journal = "J. Phys.-Condensed Matter", volume = "22", pages = "033103"
}


@article{SadowskiMIet10b,
author = "Sadowski, M. I. and Taylor, W. R.",
year = "2010",
title = "On the evolutionary origins of 'Fold Space Continuity': 
	A study of topological convergence and divergence in mixed alpha-beta domains.",
journal = "J. Struct. Biol.", volume = "172", pages = "244--252"
}


@article{GoldstoneDCet10,
author = "Goldstone, D. C. and Yap, M. W. and Robertson, L. E. and Haire, L. F. and Taylor, W. R. and Katzourakis, A. and Stoye, J. P and Taylor, I. A.",
year = "2010",
title = "Structural and functional analysis of prehistoric lentiviruses uncovers an ancient molecular interface.",
journal = "Cell Host Microbe", volume = "8", pages = "248--259"
}


@article{GraingerBet10,
author = "Grainger, B and Sadowski, M. I. and Taylor, W. R.",
year = "2010",
title = "Re-evaluating the 'rules' of protein topology.",
journal = "J. Compu. Biol.", volume = "17", pages = "1253--1266"
}	


@article{KatsimitsouliaZet10a,
author = "Katsimitsoulia, Z. and Taylor, W. R.",
title = "A hierarchic algorithm for simple {B}rownian dynamics",
journal = "Compu. Biol. Chem",
volume = "34", pages = "71--79",
note = "{\tt doi.10.1016/j.compbiolchem.2010.01.001}", year = "2010"
}


@article{TaylorWRet10a,
author = "Taylor, W. R. and Katsimitsoulia, Z.",
title = "A soft collision detection algorithm for simple {B}rownian dynamics",
journal = "Compu. Biol. Chem",
volume = "34", pages = "1--10",
note = "{\tt doi.10.1016/jcompbiolchem.2009.11.003}", year = "2010"
}


@article{TaylorWRet10b,
author = "Taylor, W. R. and Katsimitsoulia, Z.",
title = "A coarse-grained model for actin myosin simulation",
journal = "J. Molec. Graph. Model.",
volume = "29", pages = "266--279", year = "2010"
}


@article{MacDonaldJTet10,
author = "MacDonald, J. T. and Maksimiak, K. and Sadowski, M. I. and Taylor, W. R.",
title = "{\em De novo} backbone scaffolds for protein design",
journal = ""# PSFB,
volume = "78", pages = "1311--1325", year = "2010"
}


@article{MargueronRet09,
author = "Margueron, R. and Justin, N. and Ohno, K. and Sharpe, M. L. and Son, J. and Drury III, W. J. and 
	Voigt, P. and Martin, S. R. and Taylor, W. R. and De Marco, V. and Pirrotta, V. and Reinberg, D and Gamblin, S. J.",
year = "2009",
title = "Role of the polycomb protein {EED} in the propagation of repressive histone marks.",
journal = "Nature", volume = "461", pages = "762--767"
}


@article{MortuzaGBet09,
author = "Mortuza, G. B. and Goldstone, D. C. and Pashley, C. and Haire, L. F. and Palmarini, M. and Taylor, W. R. and Stoye, J. P and Taylor, I. A",
year = "2009",
title = "Structure of the capsid amino terminal domain from the Betaretrovirus, {J}aagsiekte sheep retrovirus.",
journal = "J. Molec. Biol.", volume =  "386", pages = "1179--1192"
}


@article{HollupSMet08,
author = "Hollup, S. M. and Taylor, W. R. and Jonassen, I.",
title = "Structural fragments in protein model refinement",
journal = "Prot. Peptide Lett.",
year = "2008",
volume = "15", pages = "964--71"
}


@article{TaylorWRet09a,
author = "Taylor, W. R. and Chelliah, V. and Hollup, S. M. and MacDonald, J. T. and Jonassen, I.",
title = "Probing the ``dark matter'' of protein fold-space",
journal = "Structure",
year = "2009",
volume = "17", pages = "1244--1252"
}


@article{TaylorWRet08a,
author = "Taylor, W. R. and Bartlett, G. J. and Chelliah, V. and Klose, D. and Lin, K. and Sheldon, T. and Jonassen, I.",
title = "Prediction of Protein Structure from Ideal Forms",
journal = "Proteins: struct., funct., bioinfo.",
volume = "70", pages = "1610--1619",
year = "2008"
}


@article{ChelliahVet08,
author = "Chelliah, V. and Taylor, W. R.",
title = "Functional site prediction selects correct protein models",
journal = "BMC Bioinormatics funct. bioinfo.",
year = "2008",
volume = "9(Suppl.1)", pages = "S13"
}


@article{BartlettGJet08,
author = "Bartlett, G. J. and Taylor, W. R.",
title = "Using scores derived from statistical coupling analysis to distinguish
         correct and incorrect folds in {\em de-novo} protein structure prediction",
journal = "Proteins: struct. funct. bioinfo.",
year = "2008",
volume = "71", pages = "950--959"
}


@article{TaylorWR07a,
author = "Taylor, W. R.",
title = "Protein knots and fold complexity: some new twists",
journal = "Comp. Biol. Chem.",
volume = "31", pages = "151--162",
year = "2007",
note = "doi:10.1016/j.compbiolchem.2007.03.002"
}


@article{TaylorWR07b,
author = "Taylor, W. R.",
title = "Evolutionary transitions in protein fold space",
journal = "Curr. Opin. Str. Biol.",
Volume = "17", pages = "354--361",
year = "2007"
}


@article{MurrayKBet04,
author = "Murray, K. B. and Taylor, W. R. and Thornton, J. M.",
title = "Towards the detection and validation of repeats in protein structure",
journal = "Proteins: struct. funct. bioinfo.", volume = "57", pages = "365--380", year = "2004"
}


@article{SnellEAet06,
title = "An unusual choanoflagellate protein released by Hedgehog autocatalytic processing",
author = "Snell, E. A. and Brooke, N. M. and Taylor, W. R. and Casane, D. and Philippe, H. and Holland, P. W. H.",
journal = "Proc. Roy. Soc. (B)", volume = "273", pages = "401--407", year = "2006",
note = "DOI: 10.1098/rspb.2005.3263"
}


@article{VesterstromJet06,
author = "Vesterstr{\/o}m, J. and Taylor, W. R.",
title = "Flexible secondary structure based protein structure
         comparison applied to the detection of circular permutation",
journal = "J. Compu. Biol.",
volume = "13", pages = "43--62", year = "2006"
}


@article{JonassenIet06,
title = "Protein Model Refinement Using Structural Fragment Tessellation",
author = "Jonassen, I. and Klose, D.  and Taylor, W. R.",
journal = "Comp. Chem. Bioinformatics",
year = "2006", volume="30", pages="360--366",
optnote = "FURBALL"
}


@article{TaylorWRet06a,
title = "Dynamic domain threading",
author = "Taylor, W. R. and Lin, K. and Klose, D. and Fraternali, F. and Jonassen, I.",
journal = "Proteins, Struct. Funct. Bioinfo.",
year = "2006", volume="64", pages="601--614",
optnote = "Published Online: 2 Jun 2006 DOI: 10.1002/prot.20915"
}


@article{TaylorWR06a,
title = "Decoy Models for Protein Structure Score Normalisation",
author = "Taylor, W. R.",
journal = ""#JMB,
year = "2006", volume="357", pages="676--699",
optnote = "DOI: 10.1016/j.jmb.2005.12.084"
}


@article{TaylorWR06b,
title = "Transcription and Translation in an {RNA} world",
author = "Taylor, W. R.",
journal = "Phil. Trans. R. Soc. {B}",
year = "2006", volume="361", pages="1751--1760",
optnote = "DOI: 10.1098/rstb.2006.1910"
}


@article{TaylorWR06c,
title = "A molecular model for the origin of protein translation in an {RNA} world",
author = "Taylor, W. R.",
journal = "J. Theor. Biol.",
year = "2006", volume="243", pages="393--406",
optnote = "DOI: 10.1016/j.tbi.2006.06.015"
}


@article{TaylorWR06d,
title = "Topological accessibility shows a distinct asymmetry in the folds 
         of $\beta\alpha$ proteins",
author = "Taylor, W. R.",
journal = "FEBS Lett.",
year = "2006", volume="580", pages="5263--5267"
}


@article{TaylorWR05a,
author = "Taylor, W. R.",
title = "Stirring the primordial soup",
journal = "Nature", volume = "434", pages="705",
year = "2005"
}

@article{TaylorWR05b,
author = "Taylor, W. R.",
title = "Modelling molecular stability in the {RNA} world",
journal = "J. Compu. Biol. Chem.", 
volume = "29", pages = "259--272", year = "2005"
}


@article{TaylorWR04a,
author = "Taylor, W. R.",
title = "A molecular model for transcription in the {RNA} world based on the 
         ribosome large subunit",
journal = "Comp. Biol. Chem.", volume = "28", pages = "313--319",
year = "2004"
}


@Book{EidhammerIet04,
    author = "Eidhammer, I. and Jonassen, I. and Taylor, W. R.",
     title = "Protein Bioinformatics:
              an algorithmic approach to sequence and structure analysis",
      year = "2004",
 publisher = "J. Wiley, London",
 note = "ISBN: 0-470-84839-1"
 }

@article{OgunMet01,
author="Ogun, M. and Grainger, M. and Taylor, W. R. and Holder, A. A.",
year="2001",
title = "The merozoite surface 
protein-6 gene codes for a 36 {kDa}-protein associated with the {\em Plasmodium 
falciparum} merozoite surface protein-1 complex.",
journal=" Mol. Biochem.  Parasitology", volume="112", pages="91--101"
}

@article{SaldanhaJWet02a,
author="Saldanha, J. W. and Czabotar, P. E. and Hay, A. J. and Taylor, W. R.",
title ="A Model for the Cytoplasmic Domain of the Influenza {A} Virus {M2} Channel
by Analogy to the {HIV-1 Vpu} Protein.",
journal="Protein Peptide Letts.", year="2002", volume="9", pages="495--502"
}

@article{TaylorWRet03c,
author = "Taylor, W. R. and Munro, R. E. J. and Petersen, K. and Bywater, R. P.",
title  = "{\em Ab initio} modelling of the {N}-terminal domain of the secretin receptors",
journal = "Comp. Biol. Chem.",
volume = "27",
pages = "103--114",
year = "2003"
}

@article{TaylorWRet04b,
author = "Taylor, W. R. and Stoye, J. P.",
title  = "Consensus molecular models for the amino terminal domain of the retrovirus
          restriction gene {\em Fv1} and the murine leukaemia virus capsid proteins",
journal = "JMC Struc. Biology", volume="4", pages="1--15",
year = "2004"
}

@article{StevensAet04,
author = "Stevens, A. and and Bock, M. and Ellis, S. and Le Tissier, P. and
          Bishop, K. N. and Taylor, W. R. and Stoye, J. P.",
title  = "Retroviral capsid determinants of the {Fv1 NB-} and {NR-} tropism",
journal = "J. Virology",
volume = "78", pages="9592--9598",
year = "2004"
}

@article{JohannissenLOet04,
author = "Johannissen, L. O. and Taylor, W. R.",
title  = "Protein fold comparison by the alignment of topological strings",
journal = "Prot. Engng.",
year = "2004", volume="16", pages="949--955"
}


@article{MombelliEet03a,
author="Mombelli, E. and Morris, R. and Taylor, W. R. and Fraternali, F.",
title="Hydrogen-bonding propensities of sphingomyelin in solution and in a
bilayer assembly: a molecular dynamics study.",
year = "2003", journal = "Biophys. J.", volume="84",
pages = "1507--1517"
}


@article{TaylorWRet03a,
author = "Taylor, W. R. and Xiao, B. and Gamblin, S. J. and Lin, K.",
title = "A Knot or Not a Knot? {SET}ting the record `straight' on proteins",
year = "2003",
journal = "Comp. Biol. Chem.",
volume = "27",
pages = "11--15"
}


@article{PetersenKet03a,
author = "Petersen, K. and Taylor, W. R.",
title = "Modelling zinc-binding proteins with {GADGET}:
         Genetic algorithm and distance geometry for exploring topology",
journal = "J. Molec. Biol.",
year = "2003",
volume="325", pages="1039--1059"
}


@article{LinKet05,
 author = "Lin, K. and Simossis, V. A. and Taylor, W. R. and Heringa, J.",
 title = "A simple and fast secondary structure prediction method using hidden neural networks",
 journal = "Bioinformatics",
volume = "21",
pages = "152--159",
 year = "2005",
optnote = "YASPIN"
 }
 
@article{LinKet03a,
 author = "Lin, K. and Taylor, W. R. and Klienjung, J. and Heringa, J.",
 title = "{CAO} matrices from an artificial neural network model",
 journal = "J. Compu. Biol. Chem.",
volume = "27",
pages = "93--102",
 year = "2003"
 }
 
@article{LinKet02a,
 author = "Lin, K. and May, A. C. and Taylor, W. R.",
 title = "Amino acid substitution matrices from an artificial neural network model",
 journal = "J. Comput Biol.",
 volume = "8",
 pages = "471--481",
 year = "2002"
 }
 
@article{LinKet02b,
 author = "Lin, K. and May, A. C. and Taylor, W. R.",
 title = "Threading using neural networks ({TUNE}):
          the measure of protein sequence-structure compatibility",
 journal = "Bioinformatics",
 volume = "18",
 pages = "1350--1357",
 year = "2002"
 }
 
@article{LinKet02c,
 author = "Lin, K. and May, A. C. and Taylor, W. R.",
 title = "Amino acid encoding schemes from protein structural alignments:
          multidimensional vectors to describe residue types",
 journal = "J. Theor. Biol.",
 year = "2002",
volume = "221",
pages = "361--365"
 }
 
@article{TaylorWRet02a,
 author = "Taylor, W. R. and Heringa, J. and Baud, F. and Flores, T. P.",
 title = "A {Fourier} analysis of symmetry in protein structure",
 journal = "Protein Eng.",
  volume = "15",
 pages = "79--89",
 year = "2002"
 }
 
@Article{JonassenIet02,
 author = "Jonassen, I. and Eidhammer, I. and Conklin, D. and Taylor, W. R.",
 title = "Structure motif discovery and mining the {PDB}",
journal = "Bioinformatics",
volume = "18",
pages = "362--367",
year = "2002"
} 

@Article{ConklinDet02,
 author = "Conklin, D. and Jonassen, I. and Aasland, R. and Taylor, W. R.",
title = "Association of nucleotide patterns with gene function classes:
         application to human 3' untranslated sequences",
journal = "Bioinformatics",
volume = "18",
pages = "182--189",
year = "2002"
} 


@Article{TaylorWR02a,
  author = "Taylor, W. R.",
 journal = "Nature",
   title = "A Periodic Table for Protein Structure",
    year = "2002",
 volume  = "416",
  pages = "657--660"
}

@Article{TaylorWR02b,
  author = "Taylor, W. R.",
    year = "2002",
 journal = "Mol. Cell. Proteomics",
   title = "Protein structure comparison using bipartite graph matching",
volume = "1",
pages = "334--339"
 }

@InCollection{TaylorWR02c,
author = "Taylor, W. R.",
title = "Comparing secondary structure `stick' models of proteins using
         graph matching with double dynamic programming",
chapter =    "7",
pages = "133--148",
year = "2002",
booktitle = "Bioinformatics and Genome Analysis",
editor = " H.-W. Mewes, B. Weiss, H. Seidel",
publisher = "Springer-Verlag, Berlin/Heidelberg",
note = "Ernst Schering Research Foundation Workshop Volume 38"
}


@Article{TaylorWR01a,
  author = "Taylor, W. R.",
    year = "2001",
 journal = "J. Molec. Biol.",
   title = "Defining linear segments in protein structure",
 volume  = "310",
pages = "1135--1150"
 }


@Book{TaylorWRet05,
author = "Taylor, W. R. and Asz\'odi, A.",
title = "Protein Geometry, Classification, Topology and Symmetry",
publisher = "Institute of Physics",
year = "2005",
note = "Currently published by CRC Press"
}

@Article{TaylorWRet01b,
author = "Taylor, W. R. and May, A. C. W. and Brown, N. P.  and Asz\'odi, A.",
title = "Protein Structure: Geometry, Topology and Classification",
journal = "Rep. Prog. Phys.",
volume = "64", 
pages = "517--590",
year = "2001"
}


@article{JonassenIet00a,
author = "Jonassen, I. and Eidhammer, I. and Grindhaug, S. H. and Taylor, W. R.",
title = "Searching the Protein Structure Databank with Weak
         Sequence Patterns and Structural Constraints",
journal = "J. Molec. Biol.",
year = "2000",
volume = "304",
pages = "599--619"
}


@article{EidhammerIet00,
author = "Eidhammer, I. and Jonassen, I. and Taylor, W. R.",
title = "Structure Comparison and Structure Patterns",
journal = "J. Compu. Biol.",
year = "2000",
volume = "7",
pages = "658--716"
}


@Article{TaylorWRet03b,
author = "Taylor, W. R. and K. Lin",
title  = "A Tangled Problem", 
journal = "Nature",
note = "(concept)",
volume = "421",
pages = "25",
year = "2003"
}

@Article{TaylorWR00b,
author = "Taylor, W. R.",
title  = "A deeply knotted protein and how it might fold", 
journal = "Nature",
volume = "406",
pages = "916--919",
year = "2000"
}


@Article{TaylorWR00a,
author = "Taylor, W. R.",
title  = "Searching for the ideal forms of proteins", 
journal = "Biochem. Soc. Trans.",
volume = "28",
pages = "264--269",
year = "2000"
}

@InCollection{TaylorWR00c,
author = "Taylor, W. R.",
title  = "Protein structure",
  booktitle =   "Handbook of Statistical genetics",
  publisher =   "John Wiley and Sons Ltd.",
  year =        "2000",
  editor =      "D. J. Balding et al.",
  pages =       "209--235"
}

@InCollection{KloseDet07,
author = "Klose, D. and Taylor, W. R.",
title  = "Protein structure prediction",
  booktitle =   "Handbook of Statistical genetics",
  publisher =   "John Wiley and Sons Ltd.",
  year =        "2007",
  editor =      "D. J. Balding et al.",
 chapter = "10", pages = "327--344",
note = "Second edition"
}


@InCollection{BakerDet05,
author = "Baker, D. and Taylor, W. R.",
title  = "{\em Ab initio} structure prediction",
  booktitle =   "Encyclopedia of genetics, genomics, proteonomics and bioinformatics",
  volume = "7--bioinformatics",
  pages = "3245--3251",
  publisher =   "John Wiley and Sons Ltd., Chichester, U.K.",
  year =        "2005",
  editor =      "S. Subramanian"
}


@InCollection{TaylorWR05d,
author = "Taylor, W. R.",
title  = "Protein structure analysis and prediction",
  booktitle =   "Encyclopedia of genetics, genomics, proteonomics and bioinformatics",
  volume = "7--bioinformatics",
  pages = "3245--3251",
  publisher =   "John Wiley and Sons Ltd., Chichester, U.K.",
  year =        "2005",
  editor =      "S. Subramanian",
note = "Introductory review to section 6 (ed.: W.R.Taylor)"
}


@InCollection{HigginsDGet00a,
author = "Higgins, D. G.  and Taylor, W. R.",
title  = "Preface",
  booktitle =   "Bioinformatics: Sequence structure and databases",
  publisher =   "Oxford University Press",
  year =        "2000",
  editor =      "D. Higgins and W. Taylor",
  pages =       "v--ix"
}

@InCollection{HigginsDGet00b,
author = "Higgins, D. G.  and Taylor, W. R.",
title  = "Multiple sequence alignment",
  booktitle =   "Protein structure prediction",
  publisher =   "Humana Press, Totowa, New Jersey, USA",
  year =        "2000",
  editor =      "D. M. Webster",
  volume = "143",
  series = "Methods in Molecular Biology  (ed. J.~M.~Walker)",
  pages =       "1--18"
}

@InCollection{TaylorWR00d,
author = "Taylor, W. R.",
title  = "Protein structure comparison using {SAP}",
  booktitle =   "Protein structure prediction",
  publisher =   "Humana Press, Totowa, New Jersey, USA",
  year =        "2000",
  editor =      "D. M. Webster",
  volume = "143",
  series = "Methods in Molecular Biology  (ed. J.~M.~Walker)",
  pages =       "19--32"
}


@InCollection{TaylorWR05c,
  author =     "Taylor, W. R.",
  title =      "Protein folds, knots and tangles",
booktitle =    "Physical and Numerical Models in Knot Theory",
  series = "Series on Knots and Everything ---  Vol. 36",
  year =       "2005",
chapter = "10", pages = "171--202",
 editor="J. Calvo and K. Millett and E. Rawdon and A. Stasiak",
publisher=       "World Scientific, Singapore",
note = "ISBN: 981-256-187-0"
}

@Article{AszodiAet93a,
author = "Asz\'{o}di, A. and Taylor, W. R.",
title = "Connection topology of proteins",
journal = ""#CABIOS,
year = "1993",
volume = "9",
pages = "523--529"
}

@Article{AszodiAet94a,
author = "Asz\'{o}di, A. and Taylor, W. R.",
title = "Folding polypeptide $\alpha$-carbon backbones by 
	 distance geometry methods",
journal = "Biopolymers",
year = "1994",
volume = "34",
pages = "489--506"
}

@Article{AszodiAet94b,
author = "Asz\'{o}di, A. and Taylor, W. R.",
title = "Secondary structure formation in model polypeptide chains",
journal = ""#PROTENG,
year = "1994",
volume = "7",
pages = "633--644"
}

@InCollection{AszodiAet94c,
author = "Asz\'{o}di, A. and Taylor, W. R.",
title = "Modelling secondary structure formation by distance geometry
	 techniques",
booktitle = "Distance based approaches to protein structure determination",
publisher = "IOS press, Elsevier (Amsterdam)",
     year = "1994",
   editor = "Bohr, H. and Brunak, S.",
pages = "222--236"
}

@Article{AszodiAet95a,
author = "Asz\'{o}di, A. and Taylor, W. R.",
title = "Estimating polypeptide $\alpha$-carbon distances from multiple
	 sequence alignments",
journal = "J. Math. Chem.",
year = "1995",
volume = "17",
pages = "167--184"
}

@InCollection{AszodiAet95b,
author = "Asz\'{o}di, A. and Gradwell, M. J. and Taylor, W. R.",
title = "Protein Fold Determination Using a small Number of Distance Restraints",
booktitle = "Protein Folds: A Distance Based Approach",
publisher = "CRC Press Inc., Boca Raton, Florida, U.S.A.",
     year = "1995",
   editor = "Bohr, H. and Brunak, S.",
pages = "85--97"
}

@Article{AszodiAet95c,
author = "Asz\'{o}di, A. and Gradwell, M. J. and Taylor, W. R.",
title = "Global fold determination from a small number of distance restraints",
journal = ""#JMB,
year = "1995",
volume = "251",
pages = "308--326"
}

@Article{AszodiAet96a,
author = "Asz\'{o}di, A. and Taylor, W. R.",
title = "Homology modelling by distance geometry",
journal = "Folding \& Design",
year = "1996",
volume = "1",
pages = "325--334"
}

@Article{AszodiAet97a,
author = "Asz\'{o}di, A. and Taylor, W. R.",
title = "Hierarchical Inertial Projection:
a fast distance matrix embedding algorithm.",
journal = "Computers Chem.",
year = "1997",
volume = "21",
pages = "13--23"
}

@Article{AszodiAet97b,
author = "Asz\'{o}di, A. and Munro, R. E. J. and Taylor, W. R.",
title = "Distance based comparative modelling",
journal = "Folding \& Design",
year = "1997",
volume = "2, suppl.",
pages = "S3--S6",
 OPTnote = "COPENHAGEN"
}

@Article{AszodiAet97c,
author = "Asz\'{o}di, A. and Munro, R. E. J. and Taylor, W. R.",
title = "Protein Modelling by Multiple Sequence Threading and Distance 
	 Geometry",
journal = "Proteins",
year = "1997",
pages = "38--42",
 OPTnote = "CASP-2"
}

@Article{TaylorWRet99a,
author = "Taylor, W. R. and Brown, N. P.",
title = "Iterated sequence databank search methods",
journal = "Comp. Chem.",
year = "1999",
volume = "23",
pages = "365--385"
}

@InCollection{TaylorWRet99b,
author = "Taylor, W. R. and Brown, N. P.",
title = "{QUEST}: an iterated sequence databank search method",
year = "2000",
booktitle = "Genomics and Proteonomics: functional and computational aspects",
editor = "S. Suhai",
publisher = "Kluwer Acad./Plenum Pub. Corp.",
pages = "67--82"
}

@Article{TaylorWRet99c,
author = "Taylor, W. R. and S{\ae}lensminde, G. and Eidhammer, I.",
title = "Multiple protein structure alignment using double-dynamic programming",
journal = "Comp. Chem.",
year = "2000",
volume = "24",
pages = "3--12"
}

@Article{TaylorWRet97c,
author = "Taylor, W. R. and Munro, R. E. J.",
title = "Multiple sequence threading: Conditional gap placement",
journal = "Folding \& Design",
year = "1997",
volume = "2, suppl.",
pages = "S33-S39",
 OPTnote = "COPENHAGEN"
}


@Article{BajajMet87,
  author = "Bajaj, M. and  Waterfield, M. and  Schlessinger, J. and
             Taylor, W. R. and Blundell, T. L.",
    year = "1987",
 journal = "Biochim. Biophys. Acta",
  volume = "916",
   pages = "220--226",
   title = "On the tertiary structures of the extracellular domains of
            the {EGF} and insulin receptors"
 }
 
@InCollection{BarlowDJet86,
  author = "Barlow, D. J. and  Blundell, T. L. and  Edwards, M. S. and
             Sibanda, B. L. and  Sternberg, M. J. E. and
             Taylor, W. R. and Thornton, J. M.",
    year = "1986",
booktitle = "Protein Engineering: Applications in Science,
	     Medicine, and Industry",
publisher = "Academic Press (Inc.), Orlando, USA",
 editor = "M. Inouye and R. Sarma",
   pages = "29--40",
 chapter = "3",
   title = "The analysis of homologous tertiary structures and the design
                                    of novel proteins"
 }
 
@Article{BhattacharyaSet94,
  author = "Bhattacharya, S. and Navaratnam, N. and Morrison, J. R. and
	    Scott, J. and Taylor, W. R.",
   title = "Cytosine nucleoside/nucleotide deaminases and apolipoprotein {B}
	    m{RNA} editing",
 journal = "TIBS",
    year = "1994",
   pages = "105--106"
 }

 
@Article{BlundellTLet86,
  author = "Blundell, T. L.  and  Barlow, D.  and  Sibanda, B. L.  and
             Thornton, J. M.  and  Taylor, W. R.  and Tickle, I. J.  and  
             Sternberg, M. J. E.  and  Pitts, J. E.  and  Haneef, I.  and
             Hemmings, A. M. ",
    year = "1986",
 journal = "Phil. Trans. Roy. Soc. (Lond.)",
  volume = "A317",
   pages = "333--344",
   title = "Three-dimensional structural aspects of the design of new proteins"
 }
 
@Article{BrownNPet96,
  author = "Brown, N. P. and Orengo, C. A. and  Taylor, W. R.",
   title = "A protein structure comparison methodology",
 journal = "Computers Chem.",
    year = "1996",
volume = "20",
pages = "359--380"
 }
 
@Article{ChothiaCet94,
  author = "Chothia, C. and Taylor, W. R.",
    year = "1994",
   title = "Sequences and topology",
 journal = "Curr. Op. Struct. Biol.",
  volume = "4",
   pages = "381--382",
    note = "(editorial overview)"
 }
 
@InCollection{MunroREJet99,
  author = "Munro, R. E. J. and Taylor, W. R.",
    year = "1999",
booktitle= "Peptide and Protein drug analysis",
   pages = "115--132",
  editor = "Reid, R. E.",
publisher= "Marcel Dekker, Inc.",
   title = "Structure prediction and molecular modelling",
 OPTnote = "PROTEIN FOLDING"
 }
 
@InCollection{CohenFEet80a,
  author = "Cohen, F. E. and  Sternberg, M. J. E. and Taylor, W. R.",
    year = "1980",
booktitle= "Protein Folding",
   pages = "131--148",
  editor = "R. Jainikie",
publisher= "Elsivier, Amsterdam",
   title = "Analysis and prediction of the stacking of $\beta$-pleated sheets",
 OPTnote = "PROTEIN FOLDING"
 }
 
@Article{CohenFEet80b,
  author = "Cohen, F. E. and Sternberg, M. J. E. and  Taylor, W. R.",
    year = "1980",
 journal = "Nature",
  volume = "285",
   pages = "378--382",
   title = "Analysis and prediction of protein $\beta$-sheet structures
            by a combinatorial approach"
 }
 
@Article{CohenFEet81,
   author = 	"Cohen, F. E. and Sternberg, M. J. E. and Taylor, W. R.",
   title = 	"Analysis of the Tertiary Structure of Protein
 		 $\beta$-Sheet Sandwiches",
   journal = 	""# JMB,
   year = 	"1981",
   volume = 	"148",
   pages = 	"253--272",
   OPTnote = 	""
 }
 
@Article{CohenFEet82a,
   author = 	"Cohen, F. E. and Sternberg, M. J. E. and Taylor, W. R.",
   title = 	"Analysis and Prediction of the Packing of
 		 $\alpha$-Helices against a $\beta$-Sheet in the
 		 Tertiary Structure of Globular Proteins",
   journal = 	""# JMB,
   year = 	"1982",
   volume = 	"156",
   pages = 	"821--862",
   OPTnote = 	""
 }
 
@Article{EngelJet87b,
   author = 	"Engel, J. and  Taylor, W. R. and  Paulsson, M. and  Sage,  H.
 		 and  Hogan,  B.",
   title = 	"Calcium   binding   domains   and   calcium   induced
 		 conformational  transition   of   {SPARC/BM-40/osteonectin},
 		 an extracellular  glycoprotein   expressed  in
 		 mineralized   and nonmineralized tissues.",
   journal = 	"Biochemistry",
   year = 	"1987",
   volume = 	"26",
   OPTnumber = 	"",
   pages = 	"6958--6965",
   OPTmonth = 	"",
   OPTnote = 	""
 }
 
@Article{GarrattRCet85,
  author = "Garratt, R. C. and  Taylor, W. R. and  Thornton, J. M.",
   title = "The influence of tertiary structure on secondary structure
            prediction:
            accessibility versus predictability for beta-structure.",
 journal = "FEBS Lett.",
  volume = "188",
   pages = "59--62",
    year = "1985",
 OPTnote = "PROTEIN; SECONDARY STRUCTURE; PREDICTION; 3D STRUCTURE."
 }
 
@Article{GarrattRet91,
  author = "Garratt, R. and  Thornton, J. M. and Taylor, W. R.",
    year = "1991",
 journal = "FEBS Lett.",
  volume = " 208",
   pages = "141--146",
   title = "An extension of secondary structure prediction towards
            the prediction of tertiary structure",
 }
 
@Article{GeisowMJet87,
  author = "Geisow, M. J. and  Walker, J. H. and  Boustead, C. and
            Taylor, W. R.",
    year = "1987",
 journal = "Bioscience Reports",
  volume = " 7 ",
   pages = "289--298",
   title = "Anexins --- a new family of {C}a$^{2+}$-regulated
	    phospholipid-binding proteins"
 }
 
@InCollection{GreenNMet86,
  author = "Green, N. M. and  Taylor, W. R. and   Brandl, C. J. and
             Korczak, B. and MacLennan, D. H. A.",
    year = "1986",
booktitle = "Calcium and the Cell",
  series = "Ciba Found. Symp.", 
  editor = "C. Evered",
 publisher = "J. Wiley and Son",
  volume = "122",
   pages = "93--113",
   title = "Structural and mechanistic implications of the amino acid
            sequence of calcium transporting {ATP}ases"
 }
 
@InCollection{GreenNMet88,
  author = "Green, N. M. and  Taylor, W. R. and  MacLennan, D. H. A.",
    title = "A consensus structure for cation pumps",
booktitle = "Ion Pumps",
   series = "Prog. Clin. Biol. Res.",
   editor = "Stein, W. D. and Karlish, S. J. D.",
publisher = "Alan R. Liss, New York",
    year = "1988",
   pages = "15--24"
 }
 
@Article{HatrickKet94a,
author = "Hatrick, K. and Taylor, W. R.",
title = "Sequence conservation and correlation measures in protein structure
	 prediction",
journal = "Computers Chem.",
year = "1994",
volume = "18",
pages = "245--250"
}
 
@Article{HeringaJet97,
  author = "Heringa, J. and Taylor, W. R.",
    year = "1997",
   title = "Three-dimensional Domain Duplication, Swapping and Stealing",
 journal = "Curr. Op. Struct. Biol.",
  volume = "7",
   pages = "416--421"
 }
 
@InCollection{HigginsDGet98,
  author = "Higgins, D. G. and  Taylor, W. R.",
   title = "Multiple Sequence Alignment",
booktitle = "Protein Sequence and Structure",
   series = "Lecture Notes in Computer Science",
   volume = "807",
publisher = "Springer-Verlag, Berlin",
     year = "1998",
   editor = "Crochemore, M. and Gusfield, D.",
   pages = "237--244",
 OPTnote = "CLUSTAL MULTAL"
 }
 
@article{JonassenIet99,
author = "Jonassen, I. and Eidhammer, I. and Taylor, W. R.",
title = "Discovery of local packing motifs in protein structures",
journal = "Proteins: struc. funct. gene.",
year = "1999",
 volume = "34",
  pages = "206--219",
OPTnote = ""
}

@article{TaylorWRet04a,
author = "Taylor, W. R. and Jonassen, I.",
title = "A structural pattern-based method for protein fold recognition",
journal = "Proteins: struc. funct. bioinf.",
year = "2004",
 volume = "56",
  pages = "222--234",
OPTnote = "SPREK"
}

@Article{JonesDTet98,
  author = "Jones, D. T. and Taylor, W. R.",
   title = "Towards structural genomics for transmembrane proteins",
 journal = "Biochem. Soc. Trans.",
  volume = "26",
   pages = "429--438",
    year = "1999"
 }
 
@Article{JonesDTet92a,
  author = "Jones, D. T. and Taylor, W. R. and Thornton, J. M.",
   title = "The Rapid generation of mutation data matrices
            from protein sequences",
 journal = ""#CABIOS,
  volume = "8",
   pages = "275--282",
    year = "1992",
 OPTnote = "AA EXCHANGE MATRIX"
 }
 
@Article{JonesDTet92b,
  author = "Jones, D. T. and Taylor, W. R. and Thornton, J. M.",
   title = "A new approach to protein fold recognition",
 journal = "Nature",
  volume = "358",
   pages = "86--89",
    year = "1992",
 OPTnote = "FOLD RECOGNITION"
 }

@Article{JonesDTet93a,
author = "Jones, D. T. and Orengo, C. A. and Taylor, W. R. and Thornton, J. M.",
title = "Progress towards recognising protein folds from amino acid sequence",
journal = ""#PROTENG,
volume = "6 (supplement)",
year = "1993",
pages = "124",
note = "(abstract)"
}

@Article{JonesDTet94a,
author = "Jones, D. T. and Taylor, W. R. and Thornton, J. M.",
title = "A mutation data matrix for transmembrane proteins",
journal = ""#FEBSLETT,
year = "1994",
pages = "269--275"
}

@Article{JonesDTet94b,
author = "Jones, D. T. and Taylor, W. R. and Thornton, J. M.",
title = "A model recognition approach to the prediction of all-helical
	 membrane protein structure and topology",
journal = "Biochemistry",
year = "1994",
volume = "33",
pages = "3038--3049"
}
 
@Article{KellyCet90,
  author = "Kelly, C.  and  Evans, P.  and  Ma, J. K. C.  and
             Bergmeier, L. A.  and  Taylor, W. R.  and  Brady, L. J.  and 
	     Lee, S. F.  and  Bleiweis, A. S.  and  Lehner, T. ",
    year = "1990",
 journal = "Archives of Oral Biology  ",
  volume = " 35 S",
   title = "Sequencing and characterization of the 185 {KD}a cell-surface
            antigen of {{\em Streptococcus mutans}}",
 }
 
@Article{KnottTJet86,
  author = "Knott, T. J.  and  Pease, R. J.  and  Powell, L. M.  and
             Wallis, S. C.  and  Rall, S. C.  and Innerarity, T. L.  and  
             Blackhart, B.  and  Taylor, W. R.  and Lusis, A. J.  and  
             McCarthy, B. J.  and  Mahley, R. W.  and  Levy-Wilson, B. 
	     and Scott, J.",
    year = "1986",
 journal = "Nature ",
  volume = " 323",
   pages = "734--738",
   title = "Human apolipoprotein {B}: complete c{DNA} sequence and idenification
            of structural domains in the protein",
note = "(Taylor, W. R. is misprinted as Taylor, W. H. in the journal)."
 }
 
@Article{LaPollaRJet91b,
  author = "La Polla, R. J.  and  Haron, J. A.  and  Kelly, C. G.  and
             Taylor, W. R.  and  Bohart C.  and Hendricks, M.  and 
             Pyati, J.  and  Graff, R. T.  and  Ma, J. K. C.  and Lehner, T. ",
 year = "1991",
 journal = "Infection and Immunity;",
  volume = " 59",
   pages = "2677--2685",
   title = "Sequence and structural analysis of surface protein
            antigen-{I/II (SPAA)} of {{\em Streptococcus sobrinus}}"
 }

@Article{LaThangueNBet93,
author = "LaThangue, N. B. and Taylor, W. R.",
title = "A structural similarity between mamalian and yeast transcription
	 factors for cell-cycle-regulated genes",
journal = "Trends in Cell Biol.",
year = "1993",
volume = "3",
pages = "75--76"
}
 
@Article{NikasIet86,
  author = "Nikas, I. and  McLauchlan, J. and  Davison, A. J. and
	     Taylor, W. R. and Clemments, J. B.",
    year = "1986",
 journal = "Proteins ",
  volume = " 1 ",
   title = "Predicted structural features of ribonucleotide reductase"
 }
 
@Article{OrengoCAet90a,
  author = "Orengo, C. A. and Taylor, W. R.",
    year = "1990",
 journal = "J. Theor. Biol.",
  volume = " 147",
   pages = "517--551",
   title = "A rapid method for protein structure alignment"
 }
 
@Article{OrengoCAet92,
  author = "Orengo, C. A. and Brown, N. P. and Taylor, W. R.",
   title = "Fast protein structure comparison for databank searching",
 journal = "" #PROTEINS,
  volume = "14",
   pages = "139--167",
    year = "1992",
 OPTnote = "FAST STRUCTURE COMPARISON"
 }

@Article{OrengoCAet93a,
author = "Orengo, C. A. and Flores, T. P. and Jones, D. T. and
	  Taylor, W. R. and Thornton, J. M.",
title = "Recurring structural motifs in proteins with different functions",
journal = "Current Biology",
year = "1993",
volume = "3",
pages = "131--139"
}

@Article{OrengoCAet93b,
author = "Orengo, C. A. and Taylor, W. R.",
title = "A local alignment method for protein structure motifs",
journal = ""#JMB,
year = "1993",
volume = "233",
pages = "488--497"
}

@Article{OrengoCAet93c,
author = "Orengo, C. A. and Flores, T. P. and 
          Taylor, W. R. and Thornton, J. M.",
title = "Identification and classification of protein fold families",
journal = ""#PROTENG,
year = "1993",
volume = "6",
pages = "485--500"
}

@InProceedings{OrengoCAet94a,
author = "Orengo, C. A. and Flores, T. P. and
	  Taylor, W. R. and Thornton, J. M.",
title = "Protein fold families and structural motifs",
year = "1994",
booktitle = "Proceedings of the {NATO ARW} workshop on statistical
	     mechanics, protein structure and protein substrate 
	     interactions"
}

@InCollection{OrengoCAet96,
  author = "Orengo, C. A. and Taylor, W. R.",
   title = "{SSAP}: sequential structure alignment program for protein structure comparison",
booktitle= "Computer methods for macromolecular sequence analysis",
  editor = "R. F. Doolittle",
publisher= "Academic Press, Orlando, FA, USA.",
  series = "Meth. Enzymol.",
    year = "1996",
volume = "266",
pages = "617--635"
 }

@Article{PearlLHet87a,
   author = 	"Pearl, L. H. and Taylor, W. R.",
   title = 	"Sequence specificity of retroviral proteases",
   journal = 	"Nature",
   year = 	"1987",
   volume = 	"328",
   pages = 	"482",
   note = 	"(Communication)"
}
 
@Article{PearlLHet87b,
   author = 	"Pearl, L. H. and Taylor, W. R.",
   title = 	"A structural model for the retroviral proteases",
   journal = 	"Nature",
   year = 	"1987",
   volume = 	"329",
   pages = 	"351--354",
   OPTnote = 	""
 }
 
@Article{PollockDDet97a,
  author = "Pollock, D. D. and Taylor, W. R.",
   title = "Effectiveness of correlation analysis in identifying protein residues
            undergoing correlated evolution",
 journal = "Prot. Engng.",
  volume = "10",
   pages = "647--657",
    year = "1997"
 }
 
@Article{PollockDDet99a,
  author = "Pollock, D. D. and Taylor, W. R. and Goldman, N.",
   title = " Coevolving protein residues: maximum likelihood identification and relationship
             to structure",
 journal = "J. Molec. Biol.",
    year = "1999",
  volume = "287",
   pages = "187-198"
}
 
@Article{RawlingsCJet85b,
   author = 	"Rawlings, C. J. and Taylor, W. R. and
                  Nyakairu, J. and Fox, J. and Sternberg, M. J. E.",
   title = 	"Reasoning About Protein Topology Using the Logic
 		 Programming Language {PROLOG}",
   journal = 	""# JMG,
   year = 	"1985",
   volume = 	"3",
OPTnumber = 	"4",
   pages = 	"151--157",
   OPTnote = 	""
 }
 
@Article{RawlingsCJet86a,
  author = "Rawlings, C. J. and  Taylor, W. R. and  Nyakairu, J. and
             Fox, J. and    Sternberg, M. J. E. ",
    year = "1986",
 journal = "Lecture Notes in Computer Science",
   title = "Using {PROLOG} to represent and reason about protein structure"
 }
 
@Article{RippmannFet91a,
  author = "Rippmann, F. and Taylor, W. R.",
    year = "1991",
 journal = "J. Molec. Graph.",
  volume = "9",
   pages = "3--16",
   title = "Visualization of structural similarity in proteins"
 }
 
@Article{RippmannFet91b,
  author = "Rippmann, F. and  Taylor, W. R. and  Rothbard, J. B. and
            Green, N. M.",
    year = "1991",
 journal = "EMBO Journal",
  volume = " 10",
   pages = "5--10",
   title = "A hypothetical model for the peptide binding domain of
            hsp70 based on the peptide binding domain of {HLA}"
 }
 
@Article{RodriguesVet88,
  author = "Rodrigues, V.  and  Chaudhri, M.  and  Knight, M.  and
             Meadows, H.  and  Chambers, A. E.  and Taylor, W. R.  and  
             Kelly, C.  and Simpson, A. J. G. ",
    year = "1988",
 journal = "Molec.  Biochem.  Parasitology",
  volume = " 32",
   pages = "7--14",
   title = "Predicted structure of a major {{\em Schistosoma mansoni}}
	    eggshell protein",
 }
 
@InCollection{RothbardJBet86,
  author = "Rothbard, J. B. and  Townsend, A. and  Edwards, M. and
             Taylor, W. R.",
    year = "1986",
booktitle= "Modern trends in human leukemia",
publisher= "Elsevier, Amsterdam",
  volume = "VII",
   title = "Pattern recognition among {T}-cell epitopes"
 }
 
@Article{RothbardJBet88a,
  author = "Rothbard, J. B.  and  Lechler, R. I.  and  Howland, K.  and
             Bal, V.  and  Eckels, D. D.  and Sekaly, R.  and  Long, E. O. 
             and Taylor, W. R.  and Lamb, J. R. ",
    year = "1988",
 journal = " Cell",
  volume = " 52",
   pages = "515--523",
   title = "A structural model of {HLA-DR1} restricted {T}-cell antigen
                                    recognition"
 }
 
@Article{RothbardJBet88b,
  author = "Rothbard, J. B. and Taylor, W. R.",
    year = "1988",
 journal = "EMBO J.",
  volume = " 7",
   pages = "93--100",
   title = "A sequence pattern common to {T}-cell epitopes"
 }
 
@Article{RothbardJBet89a,
  author = "Rothbard, J. B.  and  Busch, R.  and  Howland, K.  and
             Bal, V.  and  Fenton, C.  and Taylor, W. R.  and Lamb, J. R. ",
    year = "1989",
 journal = "Int. Immunology",
  volume = " 1",
   title = "Structural analysis of a peptide -- {HLA} class {II} complex:
            identification of critical interaactions for its
            formation and recognition by {T}-cell receptor",
   pages = "479--486"
 }
 
@Article{RothbardJBet89b,
  author = "Rothbard, J. B.  and  Bodmer, H. C.  and  Howland, K.  and
             Pemberton, R. M.  and  Askonas, B. E.  and Taylor, W. R. ",
    year = "1989",
 journal = "EMBO J.",
  volume = " 8",
   pages = "2321--2328",
   title = "{T}-cell recognition of a peptide/{H2-Kd} complex"
 }

@Article{SternbergMJEet81,
  author = "Sternberg, M. J. E.  and  Cohen, F. E. and  Taylor, W. R.  and
            Feldmann, R. J. ",
    year = "1981",
 journal = "Proc. Roy. Soc. Lond. B",
  volume = " 293",
   pages = "177--189",
   title = "Analysis and prediction of structural motifs in the
            glycolytic enzymes"
 }
 
@Article{SternbergMJEet82a,
  author = "Sternberg, M. J. E. and  Cohen, F. E. and Taylor, W. R.",
    year = "1982",
 journal = "Biochem. Soc. Trans.",
  volume = " 10",
  title = "A combinatorial approach to the prediction of the tertiary
            fold of globular proteins"
 }
 
@Article{SternbergMJEet84,
  author = "Sternberg, M. J. E. and Taylor, W. R.",
    year = "1984",
 journal = "FEBS Lett.",
  volume = " 175",
   pages = "387--392",
   title = "Modelling the {ATP}-binding site of oncogene products"
 }
 
@Article{SternbergMJEet85a,
  author = "Sternberg, M. J. E. and Taylor, W. R.",
    year = "1985",
 journal = "Brit. J. Cancer",
  volume = "52",
   pages = "411",
   title = "Modelling {SRC} and the {EGF} receptors by computer graphics",
    note = "(abstract)"
 }
 
@Article{SternbergMJEet85b,
   author = 	"Sternberg, M. J. E. and Taylor, W. R. and
                  Nyakairu, J. and Fox, J. and Rawlings, C. J.",
   title = 	"Reasoning About Protein Topology Using the Logic
 		 Programming Language {PROLOG}",
   journal = 	""# JMG,
   year = 	"1985",
   volume = 	"3",
OPTnumber = 	"3",
   pages = 	"108--109",
     note = 	"(abstract)"
 }
 
@Article{StokesDLet94,
   author = "Stokes, D. L. and Taylor, W. R. and Green, N. M.",
    title = "Structure, transmembrane topology and helix packing
	     of {P}-type ion pumps",
  journal = ""#FEBSLETT,
     year = "1994",
   volume = "346",
    pages = "32--38"
 }
 
@InCollection{TaylorSAet88,
   author = "Taylor, S. A. and Lewis, J. and Pacy, J. and Taylor, W. R. and
	     Price, R. G.",
    title = "Glomerular basement membrane thickness in male and female rats
	     fed sucrose-rich diets",
booktitle = "Progress in Basement Membrane Research:
	     Renal and related aspects in health and disease",
publisher = "John Libbey, Eurotext Ltd.",
     year = "1988",
   editor = "Gubler, M. C. and Sternberg, M.",
    pages = "205--209",
  OPTnote = ""
 }
 
@PhDThesis{TaylorWR81,
   author = 	"Taylor, W. R.",
   title = 	"Analysis and Prediction of Protein Structure",
   school = 	"Department of Zoology (Lab. of Molecular Biophysics),
                 University of Oxford",
   year = 	"1981",
   OPTnote = 	"supervised by D.C. Phillips"
 }
 
@Article{TaylorWR84,
  author = "Taylor, W. R.",
    year = "1984",
 journal = "J. Molec. Biol.",
  volume = " 173",
   pages = "513--514",
   title = "An algorithm to compare secondary structure predictions",
    note = "(appendix)"
 }
 
@Article{TaylorWR86a,
  author = "Taylor, W. R.",
   title = "Identification of protein sequence homology by consensus template alignment.",
 journal = "J. Molec. Biol.",
  volume = "188",
   pages = "233--258",
    year = "1986",
 OPTnote = "PROTEIN."
 }
 
@Article{TaylorWR86b,
  author = "Taylor, W. R.",
   title = "The classification of amino acid conservation.",
 journal = "J. Theor. Biol.",
  volume = "119",
   pages = "205--218",
    year = "1986",
 OPTnote = "PROTEIN."
 }
 
@InCollection{TaylorWR86c,
  author = "Taylor, W. R.",
   title = "Toward a practical grammar of protein structure:
            protein structure prediction by template fitting.",
    year = "1986",
   pages = "77--84",
 chapter = "14",
booktitle= "Computer Graphics and Molecular Modeling",
  series = "Current Communications in Molecular Biology",
  editor = "Fletterick, R. and Zoller, M.",
publisher= "Cold Spring Harbor Laboratory, New-York",
 OPTnote = "PROTEIN GRAMMAR"
 }
 
@Article{TaylorWR86d,
  author = "Taylor, W. R.",
    year = "1986",
 journal = "J. Molec. Biol.",
  volume = " 188",
   pages = "254--258",
   title = "A general algorithm for the recognition of sequence
                       patterns in globular proteins",
    note = "(appendix)"
 }
 
@Article{TaylorWR87,
  author = "Taylor, W. R.",
   title = "Multiple sequence alignment by a pairwise algorithm.",
 journal = ""#CABIOS,
  volume = "3",
   pages = "81--87",
    year = "1987",
 OPTnote = "MULTIPLE ALIGNMENT."
 }
 
@Article{TaylorWR88a,
  author = "Taylor, W. R. ",
    year = "1988",
 journal = "J. Molec. Evol.",
  volume = " 28",
   pages = "161--169",
   title = "A flexible method to align large numbers of biological sequences",
note = "The correct year is 1989."
 }
 
@Article{TaylorWR88b,
  author = "Taylor, W. R. ",
    year = "1988",
 journal = " Prot. Engng.",
  volume = " 2",
   pages = "77--86",
   title = "Pattern matching methods in protein sequence comparison and
            structure prediction"
 }
 
@Article{TaylorWR88c,
  author = "Taylor, W. R.",
   title = "Macromolecular structure and specificity",
 journal = "Speculations in Science and Technology",
  volume = "11",
   pages = "79--80",
    year = "1988",
    note = "(book review)"
 }
 
@Article{TaylorWR89,
   author = 	"Taylor, W. R.",
   title = 	"A Template Based Method of Pattern Matching in Protein
 		 Sequences",
   journal = 	""# PBMB,
   year = 	"1989",
   volume = 	"54",
   pages = 	"159--252",
 OPTnote = "appeared in 1991"
 }
 
@InCollection{TaylorWR90a,
  author = "Taylor, W. R.",
   title = "Hierarchical method to align large numbers of
            biological sequences",
booktitle= "Molecular Evolution:
            computer analysis of protein and nucleic acid sequences",
  editor = "R. F. Doolittle",
publisher= "Academic Press, San Diego, CA, USA.",
 chapter = "29",
  volume = "183",
  series = "Meth. Enzymol.",
   pages = "456--474",
    year = "1990",
 OPTnote = "MULTIPLE ALIGNMENT."
 }
 
@Article{TaylorWR90b,
  author = "Taylor, W. R.",
   title = "Comparison of predicted and {X}-ray crystal structures
	    of retroviral proteases",
 journal = ""#PROTENG,
  volume = "3",
   pages = "282",
    year = "1990",
    note = "(abstract)"
 }
 
@Article{TaylorWR91a,
  author = "Taylor, W. R.",
    year = "1991",
 journal = "Nature",
    note = "(News and Views)",
  volume = "353",
   pages = "388--389",
   title = "Sequence analysis: spinning in hyperspace",
 OPTnote = "MULTIDIMENSION SEQUENCE PROJECTION"
 }
 
@Article{TaylorWR91b,
  author = "Taylor, W. R.",
    year = "1991",
 journal = ""#PROTENG,
  volume = " 4",
   pages = "853--870",
   title = "Towards protein tertiary fold prediction using distance
            and motif constraints"
 }
 
@Book{TaylorWR92a,
  editor = "Taylor, W. R.",
    year = "1992",
   title = "Patterns in Protein sequence and Structure",
  volume = "7",
  series = "Springer series in Biophysics (ed. Bayley, P. M.)",
publisher= "Springer-Verlag, Heidelberg"
}
 
@InCollection{TaylorWR92b,
  author = "Taylor, W. R.",
   title = "Patterns, Predictions and Problems (Introduction)",
   pages = "1--9",
    year = "1992",
booktitle = "Patterns in Protein sequence and Structure",
  editor = "W. R. Taylor",
  volume = "7",
  series = "Springer series in Biophysics (ed. Bayley, P. M.)",
publisher= "Springer-Verlag, Heidelberg"
}

@Article{TaylorWR92c,
author = "Taylor, W. R.",
title = "New paths from dead ends",
journal = "Nature",
year = "1992",
volume = "356",
pages = "478--479",
note = "(News and Views)"
}

@Article{TaylorWR92d,
author = "Taylor, W. R.",
title = "Sequencing and computer time",
journal = "Science",
year = "1992",
volume = "258",
pages = "1421",
note = "(Letter)"
}

@Article{TaylorWR93a,
author = "Taylor, W. R.",
title = "Protein fold refinement:
	 building models from idealised folds using motif
	 constraints and multiple sequence data",
journal = ""#PROTENG,
year = "1993",
volume = "6",
pages = "593--604"
}

@InCollection{TaylorWR93b,
author = "Taylor, W. R.",
title = "Modelling protein structure from remote sequence similarity:
	 an approach to tertiary structure prediction",
year = "1993",
booktitle = "Computational methods in genome research",
editor = "S. Suhai",
publisher = "Plenum Pub. Corp.",
pages = "317--328"
}

@InCollection{TaylorWR93d,
author = "Taylor, W. R.",
title = "Modelling protein structure from remote sequence similarity",
year = "1993",
booktitle = "Molecular modelling and graphics applied to structure-function
	     relationships",
editor = "Lavery, R. and Westhof, E.",
publisher = "INSERM, Paris"
}

@Article{TaylorWR93e,
author = "Taylor, W. R.",
title = "Protein structure prediction from sequence",
journal = "Computers and Chem.",
year = "1993",
volume = "17",
pages = "117--122"
}

@Article{TaylorWR94a,
author = "Taylor, W. R.",
title = "Protein structure modelling from remote sequence similarity",
journal = "J. Biotechnology",
year = "1994",
volume = "12",
pages = "281--291",
note = "Special issue:
        {\em Genome Research/Molecular Biotechnology}, Part 1.
	ed., Helmut Bl{\"o}cker"
}

@Article{TaylorWR94b,
author = "Taylor, W. R.",
title = "Remotely related sequences and structures:
         analysis and predictive modelling",
journal = "Trends Biotech.",
year = "1994",
volume = "12",
pages = "154--157"
}

@Article{TaylorWR94c,
author = "Taylor, W. R.",
title = "Motif-biased protein sequence alignment",
journal = "J. Comp. Biol.",
year = "1994",
volume = "1",
pages = "297--311"
}

@Article{TaylorWR95a,
author = "Taylor, W. R.",
title = "An investigation of conservation-biased gap-penalties for multiple 
         protein sequence alignment",
journal = "Gene",
year = "1995",
volume = "165",
pages = "GC27--35",
note = "Internet journal Gene Combis:  {\tt http://www.elsevier.nl/locate/genecombis}"
}

@InCollection{TaylorWR95b,
author = "Taylor, W. R.",
title = "Sequence alignment of proteins and nucleic acids",
year = "1995",
booktitle = "Molecular Biology and Biotechnology: comprehensive desk reference",
editor = "Meyers, R. A.",
publisher = "VCH, New York, USA",
pages = "856--859"
}

@Article{TaylorWR96a,
author = "Taylor, W. R.",
title = "A non-local gap-penaly for profile alignment",
journal = "Bull. Math. Biol.",
year = "1996",
volume = "58",
pages = "1--18"
}
 
@InCollection{TaylorWR96b,
  author = "Taylor, W. R.",
   title = "Multiple protein sequence alignment:
            algorithms for gap insertion",
booktitle= "Computer methods for macromolecular sequence analysis",
  editor = "R. F. Doolittle",
publisher= "Academic Press, Orlando, FA, USA.",
  series = "Meth. Enzymol.",
    year = "1996",
volume = "266",
pages = "343--367"
 }

@InCollection{TaylorWR96c,
author = "Taylor, W. R.",
title = "Sequence alignment of proteins and nucleic acids",
year = "1997",
booktitle = "Encyclopedia of Molecular Biology and Molecular Medicine",
volume = "5",
editor = "Meyers, R. A.",
publisher = "VCH, New York, USA",
pages = "419--428"
}

@Article{TaylorWR97b,
author = "Taylor, W. R.",
title = "Random models for double dynamic score normalisation",
journal = "J. Molec. Evol.",
volume = "44",
pages = "S174--S180",
year = "1997",
note = "Special issue in memory of Kimura"
}
 
@InCollection{TaylorWR97c,
  author = "Taylor, W. R.",
   title = "Evolution and relationships of protein families",
booktitle= "Nucleic acid and protein sequence analysis:
	    a practical approach (second edition)",
  series = "Practical approach (eds. Rickwood, D. and Hames, B. D.)",
  editor = "Bishop, M. J. and Rawlings, C. J.",
publisher= "IRL Press, Oxford",
    year = "1997",
pages = "313--340"
 }

@Article{TaylorWR99a,
author = "Taylor, W. R.",
title = "Protein structure alignment using iterated double dynamic programming",
journal = "Prot. Sci",
volume = "8",
pages = "654--665",
year = "1999"
}

@Article{TaylorWR99b,
author = "Taylor, W. R.",
title = "Protein structure domain identification",
journal = "Prot. Engng.",
volume = "12",
pages = "203--216",
year = "1999"
}
 
@InCollection{TaylorWR99c,
  author = "Taylor, W. R.",
   title = "The properties of amino acids in sequences",
booktitle= "Nucleic acid and protein databases:
	    a practical approach (second edition)",
  editor = "Bishop, M. J.",
publisher= "Academic Press",
    year = "1999",
pages = "81--103",
note = "Chapter 5"
 }

@Article{TaylorWR97d,
author = "Taylor, W. R.",
title = "Multiple sequence threading: an analysis of alignment quality and stability",
journal = "J. Molec. Biol.",
volume = "269",
pages = "902--943",
year = "1997"
}

@Article{TaylorWR97e,
author = "Taylor, W. R.",
title = "Residual colours: a proposal for aminochromography",
journal = "Prot. Engng.",
volume = "10",
pages = "743-746",
year = "1997",
note = "(Forum section)"
}

@Article{RittingerKet98,
author = "Rittinger, K. and Taylor, W. R. and Smerdon, S. J. and Gamblin, S. J.",
title = "Support for shared ancestry of GAPs",
journal = "Nature",
year = "1998",
volume = "392",
pages = "448"
}

@Article{TaylorWR98a,
author = "Taylor, W. R.",
title = "Dynamic databank searching with templates and multiple alignment",
journal = "J. Molec. Biol.",
year = "1998",
volume = "280",
pages = "375--406"
}
 
@Article{TaylorWRet83a,
  author = "Taylor, W. R. and  Thornton, J. M.",
   title = "Prediction of super-secondary structure in proteins.",
 journal = "Nature",
  volume = "301",
   pages = "540--542",
    year = "1983",
 OPTnote = "PROTEIN; SECONDARY STRUCTURE; 3D STRUCTURE; PREDICTION."
 }
 
@Article{TaylorWRet83b,
  author = "Taylor, W. R. and  Thornton, J. M. and Turnell, W. G.",
    year = "1983",
 journal = "J. Molec. Graphics",
  volume = " 1",
   pages = "30--38",
   title = "A ellipsoidal approximation of protein shape"
 }
 
@Article{TaylorWRet84,
   author = 	"Taylor, W. R. and  Thornton, J. M.",
   title = 	"Recognition of Super-Secondary Structure in Proteins",
   journal = 	""# JMB,
   year = 	"1984",
   volume = 	"173",
   pages = 	"487--514",
   OPTnote = 	""
 }
 
@Article{TaylorWRet87,
  author = "Taylor, W. R. and Geisow, M. J.",
    year = "1987",
 journal = "Prot. Eng.",
  volume = " 1 ",
   pages = "183--187",
   title = "A predicted structure for the calcium dependant membrane
            binding proteins p32, p35 and p36",
 OPTnote = "ANNEXIN PREDICTION"
 }
 
@Article{TaylorWRet89a,
  author = "Taylor, W. R. and Orengo, C. A.",
    year = "1989",
 journal = " J. Molec. Biol.",
  volume = " 208",
   pages = "1--22",
   title = "Protein Structure Alignment"
 }
 
@Article{TaylorWRet89b,
  author = "Taylor, W. R. and Orengo, C. A.",
    year = "1989",
 journal = "Prot. Eng.",
  volume = " 2",
   pages = "505--519",
   title = "A holistic approach to protein structure comparison"
 }
 
@Article{TaylorWRet89c,
   author = 	"Taylor, W. R. and Green, N. M.",
   title = 	"The Predicted Secondary Structures of the
 		 Nucleotide-Binding Sites of Six Cation-Transporting
 		 {ATPases} Lead to a Probable Tertiary Fold",
   journal = 	""# EJBIOCHEM,
   year = 	"1989",
   volume = 	"179",
   pages = 	"241--248",
   OPTnote = 	""
 }

@InCollection{TaylorWRet90,
  author = "Taylor, W. R. and Orengo, C. A. and Pearl, L. H.",
   title = "Comparison of predicted and {X}-ray crystal structures
            of retroviral proteases",
   pages = "21--27",
    year = "1990",
booktitle= "Protein engineering:
	    protein design in basic research, medicine, and industry",
  editor = "Ikehara, M.",
publisher= "Japan Scientific Press, Tokyo; Springer-Verlag, Berlin",
 OPTnote = "Proceedings of the second international conference on
	    protein engineering, August 20--25, Kobe, Japan, 1989"
 }
 
@Article{TaylorWRet91,
   author = 	"Taylor, W. R. and Jones, D. T.",
   title = 	"Templates, Consensus Patterns and Motifs",
   journal = 	"Current Opinion in Struct. Biol.",
   year = 	"1991",
   volume = 	"1",
   pages = 	"327--333",
   OPTnote = 	""
 }

@Article{TaylorWRet93a,
author = "Taylor, W. R. and Jones, D. T.",
title = "Deriving an amino acid distance matrix",
journal = ""#JTB,
year = "1993",
volume = "164",
pages = "65--83"
}

@Article{TaylorWRet93b,
author = "Taylor, W. R. and Jones, D. T. and Segal, A. W.",
title = "A structural model for the nucleotide binding domain of
	 the cytochrome $b_{-245}$ $\beta$-chain",
journal = "Protein Science",
year = "1993",
volume = "2",
pages = "1675--1685"
}

@Article{TaylorWRet94a,
author = "Taylor, W. R. and Jones, D. T. and N. M. Green",
title = "A method for $\alpha$-helical integral membrane protein
	 fold prediction",
journal = ""#PROTEINS,
year = "1994",
volume = "18",
pages = "281--294"
}

@InCollection{TaylorWRet94b,
author = "Taylor, W. R. and Asz\'{o}di, A.",
title = "Building protein folds using distance geometry:
	 towards a general modeling and prediction method",
year = "1994",
booktitle = "The protein folding problem and tertiary structure prediction",
editor = "Merz, K. M. and Le{G}rand, S. M.",
publisher = "Birkh{\"{a}}user (Springer-Verlag), Boston, MA., USA",
 chapter = "6",
pages = "165--192"
}

@Article{TaylorWRet94c,
author = "Taylor, W. R. and Hatrick, K.",
title = "Compensating changes in protein multiple sequence alignments",
journal = ""#PROTENG,
year = "1994",
volume = "7",
pages = "341--348"
}

@Article{TaylorWRet94d,
author = "Taylor, W. R. and Flores, T. P. and Orengo, C. A.",
title = "Multiple protein structure alignment",
journal = "Prot. Sci.",
year = "1994",
volume = "3",
pages = "1858--1870"
}

@InCollection{TaylorWRet94e,
author = "Taylor, W. R. and Asz\'{o}di, A.",
title = "Modelling and predicting protein structure using distance geometry",
booktitle = "Distance based approaches to protein structure determination",
publisher = "IOS press, Elsevier (Amsterdam)",
     year = "1994",
   editor = "Bohr, H. and Brunak, S.",
pages = "213--221"
}

@InCollection{TaylorWRet95a,
author = "Taylor, W. R. and Jones, D. T.",
title = "Modelling and predicting $\alpha$-helical transmembrane structures",
booktitle = "Protein Folds: A Distance Based Approach",
publisher = "CRC Press Inc., Boca Raton, Florida, U.S.A.",
     year = "1995",
   editor = "Bohr, H. and Brunak, S.",
pages = "283--293"
}

@InCollection{TaylorWRet97a,
author = "Taylor, W. R. and Orengo, C. A.",
title = "Protein fold topology and structural families",
booktitle = "Protein: a comprehensive treatise",
publisher = "JAI Press Inc., U.S.A.",
     year = "1997",
   editor = "Allen, G.",
pages = "143--169"
}

@Article{TaylorWRet95b,
 author = "Taylor, W. R. and Green, N. M.",
  title = "{\em Structure in Protein Chemistry} (by {J.~Kyte})",
   year = "1995",
journal = "Nature",
 volume = "375",
  pages = "372",
   note = "(book review)"
}
 
@InCollection{ThorntonJMet85,
  author = "Thornton, J. M. and  Sibanda, B. L. and Taylor, W. R.",
    year = "1985",
booktitle= "Investigation and exploitation of antibody combining sites",
  editor = "Reid, E. and Cook, G. M. W. and Morre, D. J.",
publisher= "Plenum Pub. Corp., N.Y.",
   title = "Variability, modelling and prediction of $\beta$-hairpins with
            reference to the immunoglobulin fold",
   pages = "23--31"
 }
 
@Article{ThorntonJMet86,
  author = "Thornton, J. M. and  Edwards, M. S. and  Taylor, W. R. and 
            Barlow, D. J.",
   title = "Location of 'continuous' antigenic determinants in the protuding
            regions of proteins.",
 journal = "EMBO J.",
  volume = "5",
   pages = "409--413",
    year = "1986",
 OPTnote = "PROTEIN; ANTIGENIC DETERMINANT; PREDICTION; 3D STRUCTURE."
 }
 
@InCollection{ThorntonJMet89b,
   author = 	"Thornton, J. M. and Taylor, W. R.",
   title =      "Protein structure prediction",
   booktitle = 	"Protein Sequencing: A Practical Approach",
   publisher = 	"IRL Press, Oxford",
   year = 	"1989",
   editor = 	"Findlay, J. B. C. and Geisow, M. J.",
   chapter = 	"7",
   pages = 	"147-190",
   OPTnote = 	""
 }
 
@Article{ThorntonJMet94,
  author = "Thornton, J. M. and Orengo, C. M. and Jones, D. T. and Taylor, W. R.",
   title = "Protein motifs and folding recognition",
 journal = "Biophys. J.",
    year = "1994",
   pages = "241",
    note = "(abstract)"
 }

@Article{WernerEet98,
author = "Werner, E. and Taylor, W. R. and Holder",
title = "A {\em {P}lasmodium chabaudi} protein contains a repetitive region
         with a predicted spectrin-like structure",
journal = "Molec. Biochem. Parisitology.",
year = "1998",
volume = "94",
pages = "185--196"
}

@Article{WernerEet96a,
author = "Werner, E. and Holder, A. A. and Asz\'{o}di, A. and Taylor, W. R.",
title = "A novel 11-residue coilled-coil motif predicts a histidine zipper",
journal = "Prot. Pept. Lett.",
year = "1996",
volume = "3",
pages = "139--146"
}
 
@Article{ZvelebilMJet87,
   author = 	"Zvelebil, M. J. and Barton, G. J. and
                  Taylor, W. R. and Sternberg, M. J. E.",
   title = 	"Prediction of Protein Secondary Structure and Active
 		 Sites using the Alignment of Homologous Sequences",
   journal = 	""# JMB,
   year = 	"1987",
   volume = 	"195",
   pages = 	"957--961",
   OPTnote = 	""
 }
 
